@inproceedings{Liu2009,
annote = {accepted},
author = {Liu, Lu and Chambers, Erin Wolf and Letscher, David and Ju, Tao},
booktitle = {Computer Graphics Forum (Proceedings of Pacific Graphics 2010)},
title = {{A simple and robust thinning algorithm on cell complexes}},
year = {2010}
}

% Ce papier est le papier fondateur du path tracing (et de l'equation du rendu)
@InProceedings{Ka86,
author =       "T. Kajiya",
month =        aug,
year =         1986,
title =        {{The Rendering Equation}},
booktitle =    {{Computer Graphics (ACM SIGGRAPH '86 Proceedings)}},
volume =       {20(4)},
pages =        {143--150},
keywords =     {{stochastic sampling} {Monte Carlo}},
}

% Formalisation & improvment du path tracing
@InProceedings{Wh80,
author =    "T.~Whitted",
title  =    {{An improved illumination model for shaded display}},
booktitle = {{Communication of the ACM}},
volume    = {23(6)},
pages     = {343--349},
year      = 1980
}